<collection xmlns='http://www.loc.gov/MARC21/slim' xmlns:xsi='http://www.w3.org/2001/XMLSchema-instance' xsi:schemaLocation='http://www.loc.gov/standards/marcxml/schema/MARC21slim.xsd'>
  <record xmlns="http://www.loc.gov/MARC21/slim">
    <leader>00000ntm a2200000Ia 4500</leader>
    <controlfield tag="001">on1224550943</controlfield>
    <controlfield tag="008">201130q16001799xx p          000 0 ara d</controlfield>
    <datafield tag="040" ind1=" " ind2=" ">
      <subfield code="a">ZCU</subfield>
      <subfield code="b">eng</subfield>
      <subfield code="e">amremm</subfield>
      <subfield code="c">ZCU</subfield>
      <subfield code="d">OCLCO</subfield>
    </datafield>
    <datafield tag="035" ind1=" " ind2=" ">
      <subfield code="a">(NNC)15195450</subfield>
    </datafield>
    <datafield tag="041" ind1="1" ind2=" ">
      <subfield code="a">ara</subfield>
      <subfield code="a">per</subfield>
      <subfield code="h">ara</subfield>
    </datafield>
    <datafield tag="043" ind1=" " ind2=" ">
      <subfield code="a">n-us-ny</subfield>
    </datafield>
    <datafield tag="049" ind1=" " ind2=" ">
      <subfield code="a">ZCUA</subfield>
    </datafield>
    <datafield tag="245" ind1="0" ind2="0">
      <subfield code="6">880-01</subfield>
      <subfield code="a">[Kitāb al-adʻiyah]</subfield>
    </datafield>
    <datafield tag="246" ind1="3" ind2="0">
      <subfield code="6">880-02</subfield>
      <subfield code="a">Adʻiyah</subfield>
    </datafield>
    <datafield tag="264" ind1=" " ind2="0">
      <subfield code="c">[between 1600 and 1799?]</subfield>
    </datafield>
    <datafield tag="300" ind1=" " ind2=" ">
      <subfield code="a">x, 150, iii leaves :</subfield>
      <subfield code="b">paper, illuminations ;</subfield>
      <subfield code="c">150 x 80 (95 x 40) mm, bound to 155 x 85 x 25 mm</subfield>
    </datafield>
    <datafield tag="336" ind1=" " ind2=" ">
      <subfield code="a">text</subfield>
      <subfield code="b">txt</subfield>
      <subfield code="2">rdacontent</subfield>
    </datafield>
    <datafield tag="337" ind1=" " ind2=" ">
      <subfield code="a">unmediated</subfield>
      <subfield code="b">n</subfield>
      <subfield code="2">rdamedia</subfield>
    </datafield>
    <datafield tag="338" ind1=" " ind2=" ">
      <subfield code="a">volume</subfield>
      <subfield code="b">nc</subfield>
      <subfield code="2">rdacarrier</subfield>
    </datafield>
    <datafield tag="340" ind1=" " ind2=" ">
      <subfield code="d">manuscript</subfield>
    </datafield>
    <datafield tag="500" ind1=" " ind2=" ">
      <subfield code="a">Manuscript codex.</subfield>
    </datafield>
    <datafield tag="530" ind1=" " ind2=" ">
      <subfield code="a">Also available as a digital facsimile.</subfield>
    </datafield>
    <datafield tag="546" ind1=" " ind2=" ">
      <subfield code="a">Arabic and Persian.</subfield>
    </datafield>
    <datafield tag="500" ind1=" " ind2=" ">
      <subfield code="a">Title supplied by cataloger.</subfield>
    </datafield>
    <datafield tag="520" ind1=" " ind2=" ">
      <subfield code="a">Copy of a book on prayer and the times of day; some sections with interlinear translation into Persian in red; the first page has been repaired with the text rewritten. A few pages of the Ziyāratʹnāmah, attributed to Ḥusayn ibn ʻAlī, are included at the front of the copy.</subfield>
    </datafield>
    <datafield tag="500" ind1=" " ind2=" ">
      <subfield code="a">Layout: Written in 9 long lines.</subfield>
    </datafield>
    <datafield tag="500" ind1=" " ind2=" ">
      <subfield code="a">Script: Written in nastaʻlīq and naskh in black ink; pointed; naskh fully vocalized.</subfield>
    </datafield>
    <datafield tag="500" ind1=" " ind2=" ">
      <subfield code="a">Decoration: Illuminated headpiece (f. 4v); floral marginal fill (f. 4v-5r); textblock border-ruled in red and gold; rubrications in red.</subfield>
    </datafield>
    <datafield tag="500" ind1=" " ind2=" ">
      <subfield code="a">Origin: Copy completed by Ibn Muḥammad Jaʻfar Muḥammad Bāqir al-Sharīf al-Naṣīr al-Ṭūsī (f. 150v); item is undated, perhaps 17th or 18th century.</subfield>
    </datafield>
    <datafield tag="563" ind1=" " ind2=" ">
      <subfield code="a">Bound in red leather with blind tooled frame; brown leather doublure.</subfield>
    </datafield>
    <datafield tag="500" ind1=" " ind2=" ">
      <subfield code="a">Customs stamp solar dated 1312/1934 (f. 4r, 150v).</subfield>
    </datafield>
    <datafield tag="500" ind1=" " ind2=" ">
      <subfield code="a">Shelfmark: MS Or 136.</subfield>
    </datafield>
    <datafield tag="541" ind1="1" ind2=" ">
      <subfield code="a">Gift of David Eugene Smith, 1931-1934 (library donation plate, first flyleaf verso at front of book).</subfield>
    </datafield>
    <datafield tag="561" ind1="1" ind2=" ">
      <subfield code="a">Formerly owned by David Eugene Smith.</subfield>
    </datafield>
    <datafield tag="588" ind1="0" ind2=" ">
      <subfield code="a">Item cataloged from digital facsimile and existing description.</subfield>
    </datafield>
    <datafield tag="650" ind1=" " ind2="0">
      <subfield code="a">Islam</subfield>
      <subfield code="x">Prayers and devotions</subfield>
      <subfield code="v">Early works to 1800.</subfield>
    </datafield>
    <datafield tag="650" ind1=" " ind2="0">
      <subfield code="a">Shīʻah</subfield>
      <subfield code="x">Prayers and devotions</subfield>
      <subfield code="v">Early works to 1800.</subfield>
    </datafield>
    <datafield tag="650" ind1=" " ind2="0">
      <subfield code="a">Manuscripts, Arabic</subfield>
      <subfield code="z">New York (State)</subfield>
      <subfield code="z">New York.</subfield>
    </datafield>
    <datafield tag="650" ind1=" " ind2="0">
      <subfield code="a">Manuscripts, Persian</subfield>
      <subfield code="z">New York (State)</subfield>
      <subfield code="z">New York.</subfield>
    </datafield>
    <datafield tag="655" ind1=" " ind2="7">
      <subfield code="a">Codices (bound manuscripts)</subfield>
      <subfield code="2">aat</subfield>
    </datafield>
    <datafield tag="655" ind1=" " ind2="7">
      <subfield code="a">Manuscripts (documents)</subfield>
      <subfield code="2">aat</subfield>
    </datafield>
    <datafield tag="655" ind1=" " ind2="7">
      <subfield code="a">Illuminations (painting)</subfield>
      <subfield code="2">aat</subfield>
    </datafield>
    <datafield tag="700" ind1="1" ind2=" ">
      <subfield code="6">880-03</subfield>
      <subfield code="a">Ṭūsī, Muḥammad Bāqir ibn Muḥammad Jaʻfar,</subfield>
      <subfield code="e">scribe.</subfield>
    </datafield>
    <datafield tag="700" ind1="1" ind2=" ">
      <subfield code="a">Smith, David Eugene,</subfield>
      <subfield code="d">1860-1944,</subfield>
      <subfield code="e">former owner.</subfield>
    </datafield>
    <datafield tag="710" ind1="2" ind2=" ">
      <subfield code="a">Muslim World Manuscripts (Columbia University. Rare Book and Manuscript Library)</subfield>
      <subfield code="5">NNC</subfield>
    </datafield>
    <datafield tag="730" ind1="0" ind2="2">
      <subfield code="6">880-04</subfield>
      <subfield code="a">Ziyāratʹnāmah.</subfield>
      <subfield code="k">Selections</subfield>
    </datafield>
    <datafield tag="856" ind1="4" ind2="1">
      <subfield code="z">Digital facsimile in OPenn</subfield>
      <subfield code="u">https://openn.library.upenn.edu/Data/0032/html/ms_or_136.html</subfield>
    </datafield>
    <datafield tag="852" ind1=" " ind2=" ">
      <subfield code="a">Columbia University.</subfield>
      <subfield code="b">Rare Book and Manuscript Library</subfield>
      <subfield code="e">New York, NY. 10027</subfield>
      <subfield code="n">nyu</subfield>
      <subfield code="u">https://clio.columbia.edu/catalog/15195450</subfield>
    </datafield>
    <datafield tag="880" ind1="0" ind2="0">
      <subfield code="6">245-01/(3/r</subfield>
      <subfield code="a">[كتاب الادعية]</subfield>
    </datafield>
    <datafield tag="880" ind1="3" ind2="0">
      <subfield code="6">246-02/(3/r</subfield>
      <subfield code="a">ادعية</subfield>
    </datafield>
    <datafield tag="880" ind1=" " ind2=" ">
      <subfield code="6">500-00/(3/r</subfield>
      <subfield code="a">Incipit: الحمد لله الذي جعل الدعاء يرتقي به أعلى مراتب المكارم وسيلة إلى اقتناء غرر المحامد ودرر المراحم...</subfield>
    </datafield>
    <datafield tag="880" ind1="1" ind2=" ">
      <subfield code="6">700-03/(3/r</subfield>
      <subfield code="a">طوسي، محمد باقر بن محمد جعفر،</subfield>
      <subfield code="e">scribe.</subfield>
    </datafield>
    <datafield tag="880" ind1="0" ind2="2">
      <subfield code="6">730-04/(3/r</subfield>
      <subfield code="a">زيارةنامه</subfield>
      <subfield code="k">Selections.</subfield>
    </datafield>
    <datafield tag="066" ind1=" " ind2=" ">
      <subfield code="c">(3</subfield>
    </datafield>
  </record></collection>